<record><leader>00000cas a2200000 a 4500</leader><controlfield tag="001">6457158</controlfield><controlfield tag="008">800625d18431938mauwr ne      0   a0eng c</controlfield><datafield ind1=" " ind2=" " tag="010"><subfield code="a">sn 93062852 </subfield></datafield><datafield ind1=" " ind2=" " tag="040"><subfield code="a">IUL</subfield><subfield code="b">eng</subfield><subfield code="c">IUL</subfield><subfield code="d">BTI</subfield><subfield code="d">NYG</subfield><subfield code="d">DLC</subfield><subfield code="d">YOX</subfield><subfield code="d">MGN</subfield><subfield code="d">NVF</subfield><subfield code="d">NVK</subfield><subfield code="d">OCL</subfield><subfield code="d">OCLCQ</subfield><subfield code="d">HUL</subfield><subfield code="d">GUA</subfield><subfield code="d">NSD</subfield><subfield code="d">KRTAS</subfield><subfield code="d">DLC</subfield><subfield code="d">OCLCF</subfield><subfield code="d">OCLCO</subfield><subfield code="d">NVF</subfield><subfield code="d">IUL</subfield><subfield code="d">OCLCO</subfield></datafield><datafield ind1=" " ind2=" " tag="012"><subfield code="l">1</subfield></datafield><datafield ind1="0" ind2=" " tag="022"><subfield code="a">2158-1584</subfield><subfield code="2">1</subfield></datafield><datafield ind1="1" ind2=" " tag="029"><subfield code="a">AU@</subfield><subfield code="b">000020132823</subfield></datafield><datafield ind1=" " ind2=" " tag="042"><subfield code="a">msc</subfield><subfield code="a">nsdp</subfield></datafield><datafield ind1="1" ind2="0" tag="050"><subfield code="a">ISSN RECORD</subfield></datafield><datafield ind1=" " ind2="4" tag="050"><subfield code="a">BR1</subfield><subfield code="b">.C494</subfield></datafield><datafield ind1="1" ind2="0" tag="082"><subfield code="a">289</subfield><subfield code="2">14</subfield></datafield><datafield ind1="0" ind2=" " tag="130"><subfield code="a">Christian register (Boston, Mass. : 1843)</subfield></datafield><datafield ind1=" " ind2="0" tag="222"><subfield code="a">Christian register</subfield><subfield code="b">(Boston, Mass. 1843)</subfield></datafield><datafield ind1="1" ind2="0" tag="245"><subfield code="a">Christian register.</subfield></datafield><datafield ind1=" " ind2=" " tag="260"><subfield code="a">Boston [Mass.] :</subfield><subfield code="b">David Reed,</subfield><subfield code="c">1843-1938</subfield></datafield><datafield ind1="3" ind2=" " tag="260"><subfield code="3">&lt;July 27-Aug. 24, 1872&gt;</subfield><subfield code="a">Boston [Mass.] ; Chicago, Ill.</subfield></datafield><datafield ind1=" " ind2=" " tag="300"><subfield code="a">v. :</subfield><subfield code="b">ill. ;</subfield><subfield code="c">30-72 cm.</subfield></datafield><datafield ind1=" " ind2=" " tag="310"><subfield code="a">Weekly</subfield></datafield><datafield ind1="0" ind2=" " tag="362"><subfield code="a">Vol. 22, no. 42 (Oct. 21, 1843)-v. 117, no. 47 (Dec. 29, 1938).</subfield></datafield><datafield ind1=" " ind2=" " tag="515"><subfield code="a">Continues the numbering of Christian register and Boston observer.</subfield></datafield><datafield ind1=" " ind2=" " tag="530"><subfield code="a">Issued on microfilm by University Microfilms (American periodical series: 1800-1850).</subfield></datafield><datafield ind1=" " ind2=" " tag="580"><subfield code="a">On Jan. 6, 1898, absorbed: Old and new (Davenport, Iowa), which resumed independent publication with its Sept. 1898 issue.</subfield></datafield><datafield ind1=" " ind2=" " tag="580"><subfield code="a">Vols. for Sept. 27, 1923-Feb. 28, 1924 have as supplement: Unitarian word and work, Oct. 1923-Mar. 1924.</subfield></datafield><datafield ind1=" " ind2="0" tag="650"><subfield code="a">Unitarianism</subfield><subfield code="v">Newspapers.</subfield></datafield><datafield ind1=" " ind2="0" tag="650"><subfield code="a">Christians</subfield><subfield code="z">Massachusetts</subfield><subfield code="v">Newspapers.</subfield></datafield><datafield ind1=" " ind2="0" tag="651"><subfield code="a">Boston (Mass.)</subfield><subfield code="v">Newspapers.</subfield></datafield><datafield ind1=" " ind2="7" tag="650"><subfield code="a">Christians.</subfield><subfield code="2">fast</subfield><subfield code="0">(OCoLC)fst00859760</subfield></datafield><datafield ind1=" " ind2="7" tag="650"><subfield code="a">Unitarianism.</subfield><subfield code="2">fast</subfield><subfield code="0">(OCoLC)fst01161454</subfield></datafield><datafield ind1=" " ind2="7" tag="651"><subfield code="a">Massachusetts.</subfield><subfield code="2">fast</subfield><subfield code="0">(OCoLC)fst01204307</subfield></datafield><datafield ind1=" " ind2="7" tag="651"><subfield code="a">Massachusetts</subfield><subfield code="z">Boston.</subfield><subfield code="2">fast</subfield><subfield code="0">(OCoLC)fst01205012</subfield></datafield><datafield ind1=" " ind2="7" tag="655"><subfield code="a">Newspapers.</subfield><subfield code="2">fast</subfield><subfield code="0">(OCoLC)fst01423814</subfield></datafield><datafield ind1=" " ind2=" " tag="752"><subfield code="a">United States</subfield><subfield code="b">Massachusetts</subfield><subfield code="c">Suffolk</subfield><subfield code="d">Boston.</subfield></datafield><datafield ind1=" " ind2=" " tag="752"><subfield code="a">United States</subfield><subfield code="b">Illinois</subfield><subfield code="c">Cook</subfield><subfield code="d">Chicago.</subfield></datafield><datafield ind1="0" ind2=" " tag="770"><subfield code="t">Unitarian word and work</subfield><subfield code="w">(OCoLC)7646981</subfield></datafield><datafield ind1="0" ind2="8" tag="776"><subfield code="i">Microfilm version:</subfield><subfield code="t">Christian register (Boston, Mass. : 1843)</subfield><subfield code="w">(DLC)sf 88093325</subfield><subfield code="w">(OCoLC)8349637</subfield></datafield><datafield ind1="0" ind2="8" tag="776"><subfield code="i">Online version:</subfield><subfield code="t">Christian register (Boston, Mass. : 1843 : Online)</subfield><subfield code="w">(DLC)  2008233761</subfield><subfield code="w">(OCoLC)70680527</subfield></datafield><datafield ind1="0" ind2="0" tag="780"><subfield code="t">Christian register and Boston observer</subfield><subfield code="x">2158-1614</subfield><subfield code="w">(DLC)sn 87029155</subfield><subfield code="w">(OCoLC)7647058</subfield></datafield><datafield ind1="0" ind2="5" tag="780"><subfield code="t">Unitarian (Chicago, Ill.)</subfield><subfield code="x">1945-5364</subfield><subfield code="w">(DLC)  2007235353</subfield><subfield code="w">(OCoLC)1607847</subfield><subfield code="g">Jan. 1898</subfield></datafield><datafield ind1="0" ind2="5" tag="780"><subfield code="t">Unitarian advance</subfield><subfield code="w">(OCoLC)1642065</subfield><subfield code="g">Dec. 6, 1917</subfield></datafield><datafield ind1="0" ind2="5" tag="780"><subfield code="t">Unitarian word and work</subfield><subfield code="w">(OCoLC)7646981</subfield><subfield code="g">Mar. 27, 1924</subfield></datafield><datafield ind1="0" ind2="0" tag="785"><subfield code="t">Christian register, Unitarian</subfield><subfield code="w">(OCoLC)6457356</subfield></datafield><datafield ind1="1" ind2=" " tag="787"><subfield code="t">Old and new (Davenport, Iowa)</subfield><subfield code="w">(OCoLC)7655055</subfield><subfield code="g">Jan.-Aug. 1898</subfield></datafield><datafield ind1="4" ind2="1" tag="856"><subfield code="u">http://gateway.proquest.com/openurl?url_ver=Z39.88-2004&amp;res_dat=xri:pqd::hnp&amp;rft_val_fmt=info:ofi/fmt:kev:mtx:journal&amp;rft_dat=xri:pqd:PMID=41511</subfield></datafield><datafield ind1=" " ind2=" " tag="936"><subfield code="a">Dec. 29, 1938</subfield></datafield><datafield ind1=" " ind2=" " tag="938"><subfield code="a">Kirtas Technologies, Inc.</subfield><subfield code="b">KRTS</subfield><subfield code="n">735844</subfield></datafield></record>